<?xml version="1.0" encoding="UTF-8"?><collection xmlns="http://www.loc.gov/MARC21/slim"><record><leader>00362nam--2200133-i-4500</leader><controlfield tag="001">000011962</controlfield><controlfield tag="002">20161230</controlfield><controlfield tag="005">20161230201029</controlfield><controlfield tag="008">060222s1000------------r-----000-0-eng-d</controlfield><datafield ind1=" " ind2=" " tag="100"><subfield code="a">Dumitrescu, Mihai</subfield></datafield><datafield ind1=" " ind2=" " tag="245"><subfield code="a">Conducerea colectiva in unitatile economice de stat. ghid practic</subfield></datafield><datafield ind1=" " ind2=" " tag="260"><subfield code="a">Bucuresti, Ed.Sttin.Si Encicl., 1977</subfield></datafield><datafield ind1=" " ind2=" " tag="490"><subfield code="a">156p</subfield></datafield><datafield ind1=" " ind2=" " tag="852"><subfield code="a">001.89</subfield></datafield></record></collection>